@article{googleML,
    author = {Google Machine Learning},
    title = {Datasets: Imbalanced datasets},
url = {https://developers.google.com/machine-learning/crash-course/overfitting/imbalanced-datasets}, 
year = {2025}, 
month = feb
}

@article{MATLABHelp,
    author = {MATLABHelpCenter},
    title = {Train Sequence Classification Network Using Data with Imbalanced Classes}
}
@article{dalpozz,
author = {Dal Pozzolo, Andrea and Boracchi, Giacomo and Caelen, Olivier and Alippi, Cesare and Bontempi, Gianluca},
year = {2017},
month = {09},
pages = {1-14},
title = {Credit Card Fraud Detection: A Realistic Modeling and a Novel Learning Strategy},
volume = {PP},
journal = {IEEE Transactions on Neural Networks and Learning Systems},
doi = {10.1109/TNNLS.2017.2736643}
}

@article{AFRIYIE2023100163,
title = {A supervised machine learning algorithm for detecting and predicting fraud in credit card transactions},
journal = {Decision Analytics Journal},
volume = {6},
pages = {100163},
year = {2023},
issn = {2772-6622},
doi = {https://doi.org/10.1016/j.dajour.2023.100163},
url = {https://www.sciencedirect.com/science/article/pii/S2772662223000036},
author = {Jonathan Kwaku Afriyie and Kassim Tawiah and Wilhemina Adoma Pels and Sandra Addai-Henne and Harriet Achiaa Dwamena and Emmanuel Odame Owiredu and Samuel Amening Ayeh and John Eshun}
}

@book{leborgne2022fraud,
  title={Reproducible Machine Learning for Credit Card Fraud Detection - Practical Handbook},
  author={Le Borgne, Yann-A{\"e}l and Siblini, Wissam and Lebichot, Bertrand and Bontempi, Gianluca},
  url={https://github.com/Fraud-Detection-Handbook/fraud-detection-handbook},
  year={2022},
  publisher={Universit{\'e} Libre de Bruxelles}
}

@article{Lazarou2024,
  title = {Predicting stress levels using physiological data: Real-time stress prediction models utilizing wearable devices},
  volume = {11},
  ISSN = {2373-7972},
  url = {http://dx.doi.org/10.3934/Neuroscience.2024006},
  DOI = {10.3934/neuroscience.2024006},
  number = {2},
  journal = {AIMS Neuroscience},
  publisher = {American Institute of Mathematical Sciences (AIMS)},
  author = {Lazarou,  Evgenia and Exarchos,  Themis P.},
  year = {2024},
  pages = {76–102}
}

@inproceedings{Birjandtalab2016,
  title = {A Non-EEG Biosignals Dataset for Assessment and Visualization of Neurological Status},
  url = {http://dx.doi.org/10.1109/SiPS.2016.27},
  DOI = {10.1109/sips.2016.27},
  booktitle = {2016 IEEE International Workshop on Signal Processing Systems (SiPS)},
  publisher = {IEEE},
  author = {Birjandtalab,  Javad and Cogan,  Diana and Pouyan,  Maziyar Baran and Nourani,  Mehrdad},
  year = {2016},
  month = oct,
  pages = {110–114}
}

@article{Arif2014,
  title = {Better Physical Activity Classification using Smartphone Acceleration Sensor},
  volume = {38},
  ISSN = {1573-689X},
  url = {http://dx.doi.org/10.1007/s10916-014-0095-0},
  DOI = {10.1007/s10916-014-0095-0},
  number = {9},
  journal = {Journal of Medical Systems},
  publisher = {Springer Science and Business Media LLC},
  author = {Arif,  Muhammad and Bilal,  Mohsin and Kattan,  Ahmed and Ahamed,  S. Iqbal},
  year = {2014},
  month = jul 
}

@article{tomek,
author = {Elhassan, Tusneem and M, Aljourf and F, Al-Mohanna and Shoukri, Mohamed},
year = {2016},
month = {01},
pages = {},
title = {Classification of Imbalance Data using Tomek Link (T-Link) Combined with Random Under-sampling (RUS) as a Data Reduction Method},
volume = {01},
journal = {Global Journal of Technology and Optimization},
doi = {10.4172/2229-8711.S1111}
}

@article{Prusty2022,
  title = {SKCV: Stratified K-fold cross-validation on ML classifiers for predicting cervical cancer},
  volume = {4},
  ISSN = {2673-3013},
  url = {http://dx.doi.org/10.3389/fnano.2022.972421},
  DOI = {10.3389/fnano.2022.972421},
  journal = {Frontiers in Nanotechnology},
  publisher = {Frontiers Media SA},
  author = {Prusty,  Sashikanta and Patnaik,  Srikanta and Dash,  Sujit Kumar},
  year = {2022},
  month = aug 
}

@misc{scalercomparison,
  author = {{Data Science Stack Exchange}},
  title = {When should I use StandardScaler and when MinMaxScaler?},
  year = {2018},
  url = {https://datascience.stackexchange.com/questions/43972/when-should-i-use-standardscaler-and-when-minmaxscaler},
  note = {Accessed: 2025-04-16}
}

@BOOK{MachineLearningI,
  title     = "Hands-on machine learning with scikit-learn, keras, and {TensorFlow}",
  author    = "Geron, Aurelien",
  publisher = "O'Reilly Media",
  edition   =  2,
  month     =  oct,
  year      =  2019,
  address   = "Sebastopol, CA"
}

@article{CHAN2023126327,
title = {Deep neural networks in the cloud: Review, applications, challenges and research directions},
journal = {Neurocomputing},
volume = {545},
pages = {126327},
year = {2023},
issn = {0925-2312},
doi = {https://doi.org/10.1016/j.neucom.2023.126327},
url = {https://www.sciencedirect.com/science/article/pii/S0925231223004502},
author = {Kit Yan Chan and Bilal Abu-Salih and Raneem Qaddoura and Ala’ M. Al-Zoubi and Vasile Palade and Duc-Son Pham and Javier Del Ser and Khan Muhammad}}

@article{SKFIMAGE,
author = {Azimi, Mohsen and Pekcan, Gokhan},
year = {2020},
month = {06},
pages = {},
title = {Structural Health Monitoring Using Extremely-compressed Data through Deep Learning},
journal = {Computer-Aided Civil and Infrastructure Engineering},
doi = {10.1111/mice.12517}
}

@article{xgboost,
author = {Wang, Yuanchao and Pan, Z. and Zheng, J. and Qian, L. and Mingtao, Li},
year = {2019},
month = {08},
pages = {},
title = {A hybrid ensemble method for pulsar candidate classification},
volume = {364},
journal = {Astrophysics and Space Science},
doi = {10.1007/s10509-019-3602-4}
}

@article{RELUImage,
author = {Tran, Linh and Chi, Lianhua and Bonti, Alessio and Abdelrazek, Mohamed and Chen, Yi-Ping},
year = {2020},
month = {10},
pages = {},
title = {Mortality Prediction of Patients with Cardiovascular Disease Using Medical Claims Data under Artificial Intelligence Architectures: Validation Study (Preprint)},
volume = {9},
journal = {JMIR Medical Informatics},
doi = {10.2196/25000}
}

@article{appleWatch, 
author = {Chris Hauk}, 
year = {2018}, 
month = {12}, 
title = {How to Enable or Disable Automatic Workout Detection on the Apple Watch}, 
url = {https://www.mactrast.com/2018/12/how-to-enable-or-disable-automatic-workout-detection-on-the-apple-watch/}}